@online{go_generic_proposal,
    title={Type Parameters Proposal},
    author={Ian Lance Taylor},
    year={2021},
    urldate={2024-04-02},
    url={https://go.googlesource.com/proposal/+/HEAD/design/43651-type-parameters.md},
}
@online{gc_source,
    title={gc.go},
    year={2023},
    urldate={2024-01-20},
    url={https://github.com/golang/go/blob/master/src/cmd/go/internal/work/gc.go#L58},
}
@online{go_internal_dir,
    title={Internal Directories},
    year={2024},
    urldate={2024-01-20},
    url={https://pkg.go.dev/cmd/go#hdr-Internal_Directories},
}
@online{go_os_exec,
    title={os/exec package},
    year={2024},
    urldate={2024-01-20},
    url={https://pkg.go.dev/os/exec},
}
@online{go_plugin,
    title={plugin package},
    year={2024},
    urldate={2024-01-20},
    url={https://pkg.go.dev/plugin},
}
@online{go_build_mode,
    title={Build Modes},
    year={2024},
    urldate={2024-01-20},
    url={https://pkg.go.dev/cmd/go#hdr-Build_modes},
}
@online{go_effective,
    title={Effective Go - The Go Programming Language},
    year={2024},
    urldate={2024-01-20},
    url={https://go.dev/doc/effective_go},
}
@online{sqlite_query_opt,
    title={The SQLite Query Optimizer Overview},
    urldate={2024-01-20},
    url={https://www.sqlite.org/optoverview.html},
}
@online{sqlite_next_gen_query_plan,
    title={The Next-Generation Query Planner},
    urldate={2024-01-20},
    year={2023},
    url={https://www.sqlite.org/queryplanner-ng.html},
}
@online{sqlite_bytecode,
    title={The SQLite Bytecode Engine},
    urldate={2024-01-20},
    year={2023},
    url={https://sqlite.org/opcode.html},
}
@online{postgres_jit,
    title={Chapter 32. Just-in-Time Compilation (JIT)},
    urldate={2024-01-20},
    url={https://www.postgresql.org/docs/current/jit-reason.html},
}
@inproceedings{java_jit_compilation,
  title={Efficient JavaVM just-in-time compilation},
  author={Krall, Andreas},
  booktitle={Proceedings. 1998 International Conference on Parallel Architectures and Compilation Techniques (Cat. No. 98EX192)},
  pages={205--212},
  year={1998},
  organization={IEEE},
  url={https://www.complang.tuwien.ac.at/andi/papers/pact_98.pdf},
}
@online{parser2_opt,
    title={parser2.Optimizer},
    urldate={2024-01-20},
    year={2023},
    url={https://github.com/hneemann/parser2/blob/361d9bd2f6daf0ff76b47a1186ed2cfcd1a96d12/parser2.go#L23},
}
@inproceedings{js_jit_fuzzing,
  title={JIT-picking: Differential fuzzing of JavaScript engines},
  author={Bernhard, Lukas and Scharnowski, Tobias and Schloegel, Moritz and Blazytko, Tim and Holz, Thorsten},
  booktitle={Proceedings of the 2022 ACM SIGSAC Conference on Computer and Communications Security},
  pages={351--364},
  year={2022}
}
@inproceedings{java_jit_region_based,
  title={A region-based compilation technique for a Java just-in-time compiler},
  author={Suganuma, Toshio and Yasue, Toshiaki and Nakatani, Toshio},
  booktitle={Proceedings of the ACM SIGPLAN 2003 conference on Programming Language Design and Implementation},
  pages={312--323},
  year={2003}
}
@article{brief_history_of_jit,
  title={A brief history of just-in-time},
  author={Aycock, John},
  journal={ACM Computing Surveys (CSUR)},
  volume={35},
  number={2},
  pages={97--113},
  year={2003},
  publisher={ACM New York, NY, USA}
}
@inproceedings{java_jit_effectiveness,
  title={Effectiveness of cross-platform optimizations for a Java just-in-time compiler},
  author={Ishizaki, Kazuaki and Takeuchi, Mikio and Kawachiya, Kiyokuni and Suganuma, Toshio and Gohda, Osamu and Inagaki, Tatsushi and Koseki, Akira and Ogata, Kazunori and Kawahito, Motohiro and Yasue, Toshiaki and others},
  booktitle={Proceedings of the 18th annual ACM SIGPLAN conference on Object-oriented programing, systems, languages, and applications},
  pages={187--204},
  year={2003}
}
@inproceedings{impl_jit,
  title={Design, implementation, and evaluation of optimizations in a just-in-time compiler},
  author={Ishizaki, Kazuaki and Kawahito, Motohiro and Yasue, Toshiaki and Takeuchi, Mikio and Ogasawara, Takeshi and Suganuma, Toshio and Onodera, Tamiya and Komatsu, Hideaki and Nakatani, Toshio},
  booktitle={Proceedings of the ACM 1999 conference on Java Grande},
  pages={119--128},
  year={1999}
}
@misc{parser2_hneemann,
  author={Neemann, Helmut},
  title={parser2},
  year={2024},
  url={https://github.com/hneemann/parser2}
}
@misc{parser2_xnacly,
  author={xnacly and dani0611},
  title={parser2},
  year={2024},
  url={https://github.com/xnacly/parser2}
}
@online{go_testing,
  title={Go Testing Package},
  url={https://pkg.go.dev/testing},
  note={Official documentation for the Go testing package},
}
