@online{gc_source,
    title={gc.go},
    year={2023},
    urldate={2024-01-20},
    url={https://github.com/golang/go/blob/master/src/cmd/go/internal/work/gc.go#L58},
}
@online{go_internal_dir,
    title={Internal Directories},
    year={2024},
    urldate={2024-01-20},
    url={https://pkg.go.dev/cmd/go#hdr-Internal_Directories},
}
@online{go_os_exec,
    title={os/exec package},
    year={2024},
    urldate={2024-01-20},
    url={https://pkg.go.dev/os/exec},
}
@online{go_plugin,
    title={plugin package},
    year={2024},
    urldate={2024-01-20},
    url={https://pkg.go.dev/plugin},
}
@online{go_build_mode,
    title={Build Modes},
    year={2024},
    urldate={2024-01-20},
    url={https://pkg.go.dev/cmd/go#hdr-Build_modes},
}
@online{go_effective,
    title={Effective Go - The Go Programming Language},
    year={2024},
    urldate={2024-01-20},
    url={https://go.dev/doc/effective_go},
}
